@ARTICLE{Bass1972,
  AUTHOR = {Bass, H.},
  URL = {https://doi.org/10.1112/plms/s3-25.4.603},
  DATE = {1972},
  DOI = {10.1112/plms/s3-25.4.603},
  ISSN = {0024-6115,1460-244X},
  JOURNALTITLE = {Proc. London Math. Soc. (3)},
  PAGES = {603--614},
  TITLE = {The degree of polynomial growth of finitely generated nilpotent groups},
  VOLUME = {25},
}

@BOOK{bridson2013metric,
  AUTHOR = {Bridson, Martin R and Haefliger, Andr\'{e}},
  PUBLISHER = {Springer Science \& Business Media},
  DATE = {2013},
  TITLE = {Metric spaces of non-positive curvature},
  VOLUME = {319},
}

@ARTICLE{GrigrochukInter,
  AUTHOR = {Grigorchuk, R. I.},
  DATE = {1984},
  ISSN = {0373-2436},
  JOURNALTITLE = {Izv. Akad. Nauk SSSR Ser. Mat.},
  NUMBER = {5},
  PAGES = {939--985},
  TITLE = {Degrees of growth of finitely generated groups and the theory of invariant means},
  VOLUME = {48},
}

@ARTICLE{GrigorchukBurnside,
  AUTHOR = {Grigor\v{c}uk, R. I.},
  DATE = {1980},
  ISSN = {0374-1990},
  JOURNALTITLE = {Funktsional. Anal. i Prilozhen.},
  NUMBER = {1},
  PAGES = {53--54},
  TITLE = {On {B}urnside's problem on periodic groups},
  VOLUME = {14},
}

@ARTICLE{Gromov1981,
  AUTHOR = {Gromov, Mikhael},
  URL = {http://www.numdam.org/item?id=PMIHES_1981__53__53_0},
  DATE = {1981},
  ISSN = {0073-8301,1618-1913},
  JOURNALTITLE = {Inst. Hautes \'{E}tudes Sci. Publ. Math.},
  NUMBER = {53},
  PAGES = {53--73},
  TITLE = {Groups of polynomial growth and expanding maps},
}

@BOOK{Kargapolov1979,
  AUTHOR = {Kargapolov, M. I. and Merzljakov, Ju. I.},
  PUBLISHER = {Springer-Verlag, New York-Berlin},
  DATE = {1979},
  EDITION = {Russian},
  ISBN = {0-387-90396-8},
  PAGES = {xvii+203},
  SERIES = {Graduate Texts in Mathematics},
  TITLE = {Fundamentals of the theory of groups},
  VOLUME = {62},
}

@BOOK{Mann,
  AUTHOR = {Mann, Avinoam},
  PUBLISHER = {Cambridge University Press, Cambridge},
  DATE = {2012},
  ISBN = {978-1-107-65750-2},
  PAGES = {x+199},
  SERIES = {London Mathematical Society Lecture Note Series},
  TITLE = {How groups grow},
  VOLUME = {395},
}

@ARTICLE{milnor1968,
  AUTHOR = {Milnor, J.},
  URL = {http://projecteuclid.org/euclid.jdg/1214501132},
  DATE = {1968},
  ISSN = {0022-040X,1945-743X},
  JOURNALTITLE = {J. Differential Geometry},
  PAGES = {1--7},
  TITLE = {A note on curvature and fundamental group},
  VOLUME = {2},
}

@ARTICLE{milnor1968a,
  AUTHOR = {Milnor, John},
  PUBLISHER = {Mathematical Association of America},
  URL = {http://www.jstor.org/stable/2313822},
  DATE = {1968},
  ISSN = {00029890, 19300972},
  JOURNALTITLE = {The American Mathematical Monthly},
  NUMBER = {6},
  PAGES = {685--686},
  TITLE = {Advanced Problems: 5603},
  VOLUME = {75},
}

@ARTICLE{svarc1955,
  AUTHOR = {\v{S}varc, A. S.},
  DATE = {1955},
  JOURNALTITLE = {Dokl. Akad. Nauk SSSR (N.S.)},
  PAGES = {32--34},
  TITLE = {A volume invariant of coverings},
  VOLUME = {105},
}

@COMMENT{Introduction of Grigorchuk Group}
@COMMENT{reference for other results on Grigorchuk group}
@COMMENT{proven to be intermediate growth}
@COMMENT{A nice reference for Grigorchuk's original method}
@COMMENT{The agument we will use in the second talk. Also see the arXiv version}
@COMMENT{A suvet of what was known on growth}
@COMMENT{more Milnor's problem stuff}
@COMMENT{characterisation of torsion-free nilpotent groups}
