@ARTICLE{Erschler2019,
  AUTHOR = {Erschler, Anna and Zheng, Tianyi},
  PUBLISHER = {Springer Science and Business Media LLC},
  URL = {http://dx.doi.org/10.1007/s00222-019-00922-0},
  DATE = {2019-09},
  DOI = {10.1007/s00222-019-00922-0},
  ISSN = {1432-1297},
  JOURNALTITLE = {Inventiones mathematicae},
  NUMBER = {3},
  PAGES = {1069--1155},
  TITLE = {Growth of periodic Grigorchuk groups},
  VOLUME = {219},
}

@ARTICLE{GrigrochukInter,
  AUTHOR = {Grigorchuk, R. I.},
  DATE = {1984},
  ISSN = {0373-2436},
  JOURNALTITLE = {Izv. Akad. Nauk SSSR Ser. Mat.},
  NUMBER = {5},
  PAGES = {939--985},
  TITLE = {Degrees of growth of finitely generated groups and the theory of invariant means},
  VOLUME = {48},
}

@MISC{GrigorchukPak,
  AUTHOR = {Grigorchuk, Rostislav and Pak, Igor},
  DATE = {2006},
  EPRINT = {math/0607384},
  EPRINTCLASS = {math.GR},
  EPRINTTYPE = {arXiv},
  TITLE = {Groups of Intermediate Growth: an Introduction for Beginners},
}

@ARTICLE{GrigorchukBurnside,
  AUTHOR = {Grigor\v{c}uk, R. I.},
  DATE = {1980},
  ISSN = {0374-1990},
  JOURNALTITLE = {Funktsional. Anal. i Prilozhen.},
  NUMBER = {1},
  PAGES = {53--54},
  TITLE = {On {B}urnside's problem on periodic groups},
  VOLUME = {14},
}

@BOOK{Pierre2000,
  AUTHOR = {de la Harpe, Pierre},
  PUBLISHER = {University of Chicago Press, Chicago, IL},
  DATE = {2000},
  PAGES = {vi+310},
  SERIES = {Chicago Lectures in Mathematics},
  TITLE = {Topics in geometric group theory},
}

@BOOK{Mann,
  AUTHOR = {Mann, Avinoam},
  PUBLISHER = {Cambridge University Press, Cambridge},
  DATE = {2012},
  ISBN = {978-1-107-65750-2},
  PAGES = {x+199},
  SERIES = {London Mathematical Society Lecture Note Series},
  TITLE = {How groups grow},
  VOLUME = {395},
}
